<?xml version="1.0" encoding="UTF-8"?>
<collection
  xmlns:xsi="http://www.w3.org/2001/XMLSchema-instance"
  xsi:schemaLocation="http://www.loc.gov/MARC21/slim http://www.loc.gov/standards/marcxml/schema/MARC21slim.xsd"
  xmlns="http://www.loc.gov/MARC21/slim">

<record>
  <leader>05622ckdaa2200697 a 4500</leader>
  <controlfield tag="001">3462171</controlfield>
  <controlfield tag="005">20100226103346.0</controlfield>
  <controlfield tag="008">890414s1906    xx ||| |||||||   1k|eng d</controlfield>
  <datafield tag="035" ind1=" " ind2=" ">
    <subfield code="a">(OCoLC)78351668</subfield>
  </datafield>
  <datafield tag="035" ind1=" " ind2=" ">
    <subfield code="a">(OCoLC)ocm78351668</subfield>
  </datafield>
  <datafield tag="035" ind1=" " ind2=" ">
    <subfield code="a">(CStRLIN)NYDA89-F448</subfield>
  </datafield>
  <datafield tag="035" ind1=" " ind2=" ">
    <subfield code="9">AAA2642AD</subfield>
  </datafield>
  <datafield tag="035" ind1=" " ind2=" ">
    <subfield code="a">(NNC)3462171</subfield>
  </datafield>
  <datafield tag="040" ind1=" " ind2=" ">
    <subfield code="a">NNC</subfield>
    <subfield code="c">NNC</subfield>
    <subfield code="e">gihc</subfield>
  </datafield>
  <datafield tag="043" ind1=" " ind2=" ">
    <subfield code="a">n-us-</subfield>
  </datafield>
  <datafield tag="110" ind1="2" ind2=" ">
    <subfield code="a">Greene &amp; Greene.</subfield>
  </datafield>
  <datafield tag="240" ind1="1" ind2="0">
    <subfield code="a">Caroline S. DeForest house (Pasadena, Calif.)</subfield>
  </datafield>
  <datafield tag="245" ind1="1" ind2="0">
    <subfield code="a">Residence for Ms. Carline S. DeForest, Pasadena, Cal.</subfield>
    <subfield code="h">[graphic] /</subfield>
    <subfield code="c">Greene &amp; Greene, Architects.</subfield>
  </datafield>
  <datafield tag="260" ind1=" " ind2=" ">
    <subfield code="c">1906.</subfield>
  </datafield>
  <datafield tag="300" ind1=" " ind2=" ">
    <subfield code="a">17 sheets :</subfield>
    <subfield code="b">various media ;</subfield>
    <subfield code="c">54 x 87.3 cm. (21 2/8 x 34 3/8 in.) or smaller.</subfield>
  </datafield>
  <datafield tag="500" ind1=" " ind2=" ">
    <subfield code="a">Scale varies.</subfield>
  </datafield>
  <datafield tag="500" ind1=" " ind2=" ">
    <subfield code="a">Bracketed title elements supplied by cataloger or taken from inventoyr.</subfield>
  </datafield>
  <datafield tag="500" ind1=" " ind2=" ">
    <subfield code="a">Forms part of the Greene &amp; Greene collection of architectural drawings; job no. 183.</subfield>
  </datafield>
  <datafield tag="500" ind1=" " ind2=" ">
    <subfield code="a">This set consists of 4 ink drawings on cloth with ink wash applied to the verso, 4 blueprints with crayon markings on paper, 3 ink drawings on cloth with pencil markings and with ink wash applied to the verso, 3 blueprints with crayon and pencil markings on paper, 1 ink drawing on cloth, 1 ink drawing with pencil markings on cloth, and 1 pencil drawing on paper.</subfield>
  </datafield>
  <datafield tag="561" ind1=" " ind2=" ">
    <subfield code="a">Gift of Jean Murray Bangs (Mrs. Harwell Hamilton Harris), 1960; formerly the collection of Charles Sumner Greene.</subfield>
  </datafield>
  <datafield tag="650" ind1=" " ind2="7">
    <subfield code="a">Houses.</subfield>
    <subfield code="2">aat</subfield>
  </datafield>
  <datafield tag="655" ind1=" " ind2="7">
    <subfield code="a">Site plans.</subfield>
    <subfield code="2">aat</subfield>
  </datafield>
  <datafield tag="655" ind1=" " ind2="7">
    <subfield code="a">Detail drawings.</subfield>
    <subfield code="2">aat</subfield>
  </datafield>
  <datafield tag="655" ind1=" " ind2="7">
    <subfield code="a">Architectural drawings</subfield>
    <subfield code="x">American.</subfield>
    <subfield code="2">aat</subfield>
  </datafield>
  <datafield tag="655" ind1=" " ind2="7">
    <subfield code="a">Sketches.</subfield>
    <subfield code="2">aat</subfield>
  </datafield>
  <datafield tag="655" ind1=" " ind2="7">
    <subfield code="a">Orthographic drawings.</subfield>
    <subfield code="2">aat</subfield>
  </datafield>
  <datafield tag="691" ind1=" " ind2="0">
    <subfield code="a">Pasadena (Calif.)</subfield>
  </datafield>
  <datafield tag="650" ind1=" " ind2="0">
    <subfield code="a">Architecture</subfield>
    <subfield code="z">United States</subfield>
    <subfield code="v">Designs and plans.</subfield>
  </datafield>
  <datafield tag="697" ind1="2" ind2="4">
    <subfield code="a">Caroline S. DeForest house (Pasadena, Calif.)</subfield>
  </datafield>
  <datafield tag="700" ind1="1" ind2=" ">
    <subfield code="a">Greene, Charles Sumner,</subfield>
    <subfield code="d">1868-1957.</subfield>
  </datafield>
  <datafield tag="700" ind1="1" ind2=" ">
    <subfield code="a">Greene, Henry Mather,</subfield>
    <subfield code="d">1870-1954.</subfield>
  </datafield>
  <datafield tag="700" ind1="1" ind2=" ">
    <subfield code="a">DeForest, Caroline S.</subfield>
  </datafield>
  <datafield tag="755" ind1=" " ind2=" ">
    <subfield code="a">Ink drawings.</subfield>
    <subfield code="2">aat</subfield>
  </datafield>
  <datafield tag="755" ind1=" " ind2=" ">
    <subfield code="a">Blueprints.</subfield>
    <subfield code="2">aat</subfield>
  </datafield>
  <datafield tag="755" ind1=" " ind2=" ">
    <subfield code="a">Ink wash drawings.</subfield>
    <subfield code="2">aat</subfield>
  </datafield>
  <datafield tag="755" ind1=" " ind2=" ">
    <subfield code="a">Crayon drawings.</subfield>
    <subfield code="2">aat</subfield>
  </datafield>
  <datafield tag="755" ind1=" " ind2=" ">
    <subfield code="a">Pencil drawings.</subfield>
    <subfield code="2">aat</subfield>
  </datafield>
  <datafield tag="799" ind1="4" ind2="3">
    <subfield code="a">The Greene &amp; Greene collection of architectural drawings.</subfield>
  </datafield>
  <datafield tag="789" ind1="0" ind2=" ">
    <subfield code="1">[1]</subfield>
    <subfield code="i">NYDA.1960.001.01014.</subfield>
    <subfield code="v">[AVERYimage].</subfield>
    <subfield code="t">Plan of grounds, section of grade at "A"-"B" looking west, elevation of grade looking north from house :</subfield>
    <subfield code="n">Sheet no. 1,</subfield>
    <subfield code="d">April 2nd, 1906.</subfield>
  </datafield>
  <datafield tag="789" ind1="0" ind2=" ">
    <subfield code="1">[2]</subfield>
    <subfield code="i">NYDA.1960.001.01015.</subfield>
    <subfield code="v">[AVERYimage].</subfield>
    <subfield code="t">Plan of grounds, section of grade at "A"-"B" looking west, elevatin of grade looking north from house :</subfield>
    <subfield code="n">Sheet no. 1,</subfield>
    <subfield code="d">April 2nd, 1906.</subfield>
  </datafield>
  <datafield tag="789" ind1="0" ind2=" ">
    <subfield code="1">[3]</subfield>
    <subfield code="i">NYDA.1960.001.01016.</subfield>
    <subfield code="v">[AVERYimage].</subfield>
    <subfield code="t">Foundation plan ; [detail drawings] -- girder post footings, kitchen chimney footing, chimney footing, 1/2 inch scale section thro' wall footings :</subfield>
    <subfield code="n">Sheet no. 2,</subfield>
    <subfield code="d">April 2nd, 1906.</subfield>
  </datafield>
  <datafield tag="789" ind1="0" ind2=" ">
    <subfield code="1">[4]</subfield>
    <subfield code="i">NYDA.1960.001.01017.</subfield>
    <subfield code="v">[AVERYimage].</subfield>
    <subfield code="t">Foundation plan ; [detail drawings] -- girder post footings, kitchen chimney footing, chimney footing, 1/2 inch scale section thro' wall footings :</subfield>
    <subfield code="n">Sheet no. 2,</subfield>
    <subfield code="d">April 2nd, 1906.</subfield>
  </datafield>
  <datafield tag="789" ind1="0" ind2=" ">
    <subfield code="1">[5]</subfield>
    <subfield code="i">NYDA.1960.001.01018.</subfield>
    <subfield code="v">[AVERYimage].</subfield>
    <subfield code="t">First floor plan :</subfield>
    <subfield code="n">Sheet no. 3,</subfield>
    <subfield code="d">April 2nd, 1906.</subfield>
  </datafield>
  <datafield tag="789" ind1="0" ind2=" ">
    <subfield code="1">[6]</subfield>
    <subfield code="i">NYDA.1960.001.01019.</subfield>
    <subfield code="v">[AVERYimage].</subfield>
    <subfield code="t">First floor plan :</subfield>
    <subfield code="n">Sheet no. 3,</subfield>
    <subfield code="d">April 2nd, 1906.</subfield>
  </datafield>
  <datafield tag="789" ind1="0" ind2=" ">
    <subfield code="1">[7]</subfield>
    <subfield code="i">NYDA.1960.001.01020.</subfield>
    <subfield code="v">[AVERYimage].</subfield>
    <subfield code="t">Second floor plan :</subfield>
    <subfield code="n">Sheet no. 4,</subfield>
    <subfield code="d">April 2nd, 1906.</subfield>
  </datafield>
  <datafield tag="789" ind1="0" ind2=" ">
    <subfield code="1">[8]</subfield>
    <subfield code="i">NYDA.1960.001.01021.</subfield>
    <subfield code="v">[AVERYimage].</subfield>
    <subfield code="t">Second floor plan :</subfield>
    <subfield code="n">Sheet no. 4,</subfield>
    <subfield code="d">April 2nd, 1906.</subfield>
  </datafield>
  <datafield tag="789" ind1="0" ind2=" ">
    <subfield code="1">[9]</subfield>
    <subfield code="i">NYDA.1960.001.01022.</subfield>
    <subfield code="v">[AVERYimage].</subfield>
    <subfield code="t">North elevation, south elevation :</subfield>
    <subfield code="n">Sheet no. 5,</subfield>
    <subfield code="d">April 2nd, 1906.</subfield>
  </datafield>
  <datafield tag="789" ind1="0" ind2=" ">
    <subfield code="1">[10]</subfield>
    <subfield code="i">NYDA.1960.001.01023.</subfield>
    <subfield code="v">[AVERYimage].</subfield>
    <subfield code="t">North elevation, south elevation :</subfield>
    <subfield code="n">Sheet no. 5,</subfield>
    <subfield code="d">April 2nd, 1906.</subfield>
  </datafield>
  <datafield tag="789" ind1="0" ind2=" ">
    <subfield code="1">[11]</subfield>
    <subfield code="i">NYDA.1960.001.01024.</subfield>
    <subfield code="v">[AVERYimage].</subfield>
    <subfield code="t">East elevation, west elevation :</subfield>
    <subfield code="n">Sheet no. 6.,</subfield>
    <subfield code="d">April 2nd, 1906.</subfield>
  </datafield>
  <datafield tag="789" ind1="0" ind2=" ">
    <subfield code="1">[12]</subfield>
    <subfield code="i">NYDA.1960.001.01025.</subfield>
    <subfield code="v">[AVERYimage].</subfield>
    <subfield code="t">East elevation, west elevation :</subfield>
    <subfield code="n">Sheet no. 6,</subfield>
    <subfield code="d">April 2nd, 1906.</subfield>
  </datafield>
  <datafield tag="789" ind1="0" ind2=" ">
    <subfield code="1">[13]</subfield>
    <subfield code="i">NYDA.1960.001.01026.</subfield>
    <subfield code="v">[AVERYimage].</subfield>
    <subfield code="t">[Detail in section of] double hung windows, detail of foundation walls on north side of house, [typical] section thro' wall [with] exterior [and] interior [elevations of window], detail of shingled ridge, detail of vents in gable ends, [detail drawings of] typical girder post footing [and] footings "A", detail of stairs and mantel in bedroom no. 1, [elevation] looking in south in living room :</subfield>
    <subfield code="n">Sheet no. 7,</subfield>
    <subfield code="d">April 2nd, 1906.</subfield>
  </datafield>
  <datafield tag="789" ind1="0" ind2=" ">
    <subfield code="1">[14]</subfield>
    <subfield code="i">NYDA.1960.001.01027.</subfield>
    <subfield code="v">[AVERYimage].</subfield>
    <subfield code="t">[Detail in section of] double hung windows, detail of foundation walls on north side of house, [typical] section thro' wall [with] exterior [and] interior [elevations of window], detail of shingled ridge, detail of vents in gable ends, [detail drawings of] typical girder post footing [and] footings "A", detail of stairs and mantel in bedroom no.1, [elevation] looking south in living room :</subfield>
    <subfield code="n">Sheet no. 7,</subfield>
    <subfield code="d">April 2nd, 1906.</subfield>
  </datafield>
  <datafield tag="789" ind1="0" ind2=" ">
    <subfield code="1">[15]</subfield>
    <subfield code="i">NYDA.1960.001.01028.</subfield>
    <subfield code="v">[AVERYimage].</subfield>
    <subfield code="t">Inch scale and f[ull] s[ized] details of sash :</subfield>
    <subfield code="n">Sheet no. 17,</subfield>
    <subfield code="d">May 29th, '06.</subfield>
    <subfield code="o">"All mortises to be secured by wooden pins".</subfield>
    <subfield code="o">"All corners stuck square to be rounded with #00 sandpaper as they are cleaned up".</subfield>
  </datafield>
  <datafield tag="789" ind1="0" ind2=" ">
    <subfield code="1">[16]</subfield>
    <subfield code="i">NYDA.1960.001.01029.</subfield>
    <subfield code="v">[AVERYimage].</subfield>
    <subfield code="t">Inch scale and F.S. d[etails] of doors :</subfield>
    <subfield code="n">Sheet no. 18,</subfield>
    <subfield code="d">June 1st, '06.</subfield>
    <subfield code="o">"Hand smoothed and finished with no. 00 sandpaper".</subfield>
  </datafield>
  <datafield tag="789" ind1="0" ind2=" ">
    <subfield code="1">[17]</subfield>
    <subfield code="i">NYDA.1960.001.01030.</subfield>
    <subfield code="v">[AVERYimage].</subfield>
    <subfield code="t">[Unidentified detail sketches with calculations].</subfield>
    <subfield code="o">Drawing is done on backing paper for roll of drawings.</subfield>
    <subfield code="o">On verso -- "Set no. 2".</subfield>
  </datafield>
  <datafield tag="900" ind1=" " ind2=" ">
    <subfield code="a">AUTH</subfield>
  </datafield>
</record>

</collection>